<?xml version="1.0" encoding="UTF-8"?>
  <record xmlns="http://www.loc.gov/MARC21/slim" type="Authority">
    <leader>00000nz  a2200000nc 4500</leader>
    <controlfield tag="001">118590200</controlfield>
    <controlfield tag="003">DE-101</controlfield>
    <controlfield tag="005">20220309171328.0</controlfield>
    <controlfield tag="008">880701n||azznnaabn           | aaa    |c</controlfield>
    <datafield tag="024" ind1="7" ind2=" ">
      <subfield code="a">118590200</subfield>
      <subfield code="0">http://d-nb.info/gnd/118590200</subfield>
      <subfield code="2">gnd</subfield>
    </datafield>
    <datafield tag="035" ind1=" " ind2=" ">
      <subfield code="a">(DE-101)118590200</subfield>
    </datafield>
    <datafield tag="035" ind1=" " ind2=" ">
      <subfield code="a">(DE-588)118590200</subfield>
    </datafield>
    <datafield tag="035" ind1=" " ind2=" ">
      <subfield code="z">(DE-588a)118590200</subfield>
      <subfield code="9">v:zg</subfield>
    </datafield>
    <datafield tag="035" ind1=" " ind2=" ">
      <subfield code="z">(DE-588a)12855035X</subfield>
    </datafield>
    <datafield tag="035" ind1=" " ind2=" ">
      <subfield code="z">(DE-588c)4043701-2</subfield>
      <subfield code="9">v:zg</subfield>
    </datafield>
    <datafield tag="040" ind1=" " ind2=" ">
      <subfield code="a">DE-101</subfield>
      <subfield code="c">DE-101</subfield>
      <subfield code="9">r:DE-101</subfield>
      <subfield code="b">ger</subfield>
      <subfield code="d">9999</subfield>
    </datafield>
    <datafield tag="042" ind1=" " ind2=" ">
      <subfield code="a">gnd1</subfield>
    </datafield>
    <datafield tag="043" ind1=" " ind2=" ">
      <subfield code="c">XA-NL</subfield>
      <subfield code="c">XA-DE</subfield>
    </datafield>
    <datafield tag="065" ind1=" " ind2=" ">
      <subfield code="a">16.5p</subfield>
      <subfield code="2">sswd</subfield>
    </datafield>
    <datafield tag="075" ind1=" " ind2=" ">
      <subfield code="b">p</subfield>
      <subfield code="2">gndgen</subfield>
    </datafield>
    <datafield tag="075" ind1=" " ind2=" ">
      <subfield code="b">piz</subfield>
      <subfield code="2">gndspec</subfield>
    </datafield>
    <datafield tag="079" ind1=" " ind2=" ">
      <subfield code="a">g</subfield>
      <subfield code="q">s</subfield>
      <subfield code="q">a</subfield>
      <subfield code="q">f</subfield>
      <subfield code="q">z</subfield>
      <subfield code="u">k</subfield>
      <subfield code="u">w</subfield>
    </datafield>
    <datafield tag="100" ind1="1" ind2=" ">
      <subfield code="a">Oranje-Nassau, Frederik Hendrik &#152;van&#156;</subfield>
      <subfield code="d">1584-1647</subfield>
    </datafield>
    <datafield tag="375" ind1=" " ind2=" ">
      <subfield code="a">1</subfield>
      <subfield code="2">iso5218</subfield>
    </datafield>
    <datafield tag="400" ind1="1" ind2=" ">
      <subfield code="a">Oranien-Nassau, Friedrich Heinrich &#152;von&#156;</subfield>
      <subfield code="d">1584-1647</subfield>
    </datafield>
    <datafield tag="400" ind1="1" ind2=" ">
      <subfield code="a">Oranje-Nassau, Frederick Hendrick &#152;van&#156;</subfield>
      <subfield code="d">1584-1647</subfield>
    </datafield>
    <datafield tag="400" ind1="1" ind2=" ">
      <subfield code="a">Nassau, Frederik Hendrik van Oranje-</subfield>
      <subfield code="d">1584-1647</subfield>
    </datafield>
    <datafield tag="400" ind1="0" ind2=" ">
      <subfield code="a">Friedrich Heinrich</subfield>
      <subfield code="c">Niederlande, Statthalter</subfield>
      <subfield code="d">1584-1647</subfield>
    </datafield>
    <datafield tag="400" ind1="1" ind2=" ">
      <subfield code="a">Nassau-Dillenburg, Friedrich H. &#152;von&#156;</subfield>
      <subfield code="d">1584-1647</subfield>
    </datafield>
    <datafield tag="400" ind1="1" ind2=" ">
      <subfield code="a">Orange, Frederik H. &#152;d'&#156;</subfield>
      <subfield code="d">1584-1647</subfield>
    </datafield>
    <datafield tag="400" ind1="1" ind2=" ">
      <subfield code="a">Nassauw, Frederick Hendrick &#152;van&#156;</subfield>
      <subfield code="d">1584-1647</subfield>
    </datafield>
    <datafield tag="400" ind1="0" ind2=" ">
      <subfield code="a">Frederik Hendrik</subfield>
      <subfield code="c">Orange, Prince</subfield>
      <subfield code="d">1584-1647</subfield>
    </datafield>
    <datafield tag="400" ind1="0" ind2=" ">
      <subfield code="a">Frederik Hendrik</subfield>
      <subfield code="c">Oranje-Nassau, Prins</subfield>
      <subfield code="d">1584-1647</subfield>
    </datafield>
    <datafield tag="400" ind1="0" ind2=" ">
      <subfield code="a">Friedrich Heinrich</subfield>
      <subfield code="c">Oranien-Nassau, Prinz</subfield>
      <subfield code="d">1584-1647</subfield>
    </datafield>
    <datafield tag="400" ind1="0" ind2=" ">
      <subfield code="a">Frédéric Henri</subfield>
      <subfield code="c">Orange, Prince</subfield>
      <subfield code="d">1584-1647</subfield>
    </datafield>
    <datafield tag="400" ind1="0" ind2=" ">
      <subfield code="a">Frederick Henry</subfield>
      <subfield code="c">Orange, Prince</subfield>
      <subfield code="d">1584-1647</subfield>
    </datafield>
    <datafield tag="400" ind1="0" ind2=" ">
      <subfield code="a">Fredrik Henrik</subfield>
      <subfield code="c">Oranje, Prins</subfield>
      <subfield code="d">1584-1647</subfield>
    </datafield>
    <datafield tag="400" ind1="0" ind2=" ">
      <subfield code="a">Frederik Hendrik</subfield>
      <subfield code="c">Oranje, Prins</subfield>
      <subfield code="d">1584-1647</subfield>
    </datafield>
    <datafield tag="400" ind1="0" ind2=" ">
      <subfield code="a">Henricus Fridericus</subfield>
      <subfield code="c">Oranje, Prins</subfield>
      <subfield code="d">1584-1647</subfield>
    </datafield>
    <datafield tag="400" ind1="0" ind2=" ">
      <subfield code="a">Fredericus Henricus</subfield>
      <subfield code="c">Nassavia, Comes</subfield>
      <subfield code="d">1584-1647</subfield>
    </datafield>
    <datafield tag="400" ind1="0" ind2=" ">
      <subfield code="a">Heinrich Friedrich</subfield>
      <subfield code="c">Oranien, Prinz</subfield>
      <subfield code="d">1584-1647</subfield>
    </datafield>
    <datafield tag="400" ind1="0" ind2=" ">
      <subfield code="a">Frederik Henrik</subfield>
      <subfield code="c">Oranje, Prins</subfield>
      <subfield code="d">1584-1647</subfield>
    </datafield>
    <datafield tag="400" ind1="0" ind2=" ">
      <subfield code="a">Frederik Henry</subfield>
      <subfield code="c">Orange, Prince</subfield>
      <subfield code="d">1584-1647</subfield>
    </datafield>
    <datafield tag="400" ind1="0" ind2=" ">
      <subfield code="a">Friedrich Heinrich</subfield>
      <subfield code="c">Nassau, Graf</subfield>
      <subfield code="d">1584-1647</subfield>
    </datafield>
    <datafield tag="400" ind1="0" ind2=" ">
      <subfield code="a">Fridericus Henricus</subfield>
      <subfield code="c">Nassavia, Comes</subfield>
      <subfield code="d">1584-1647</subfield>
    </datafield>
    <datafield tag="400" ind1="0" ind2=" ">
      <subfield code="a">Frederik Henrik</subfield>
      <subfield code="c">Nassau, Graave</subfield>
      <subfield code="d">1584-1647</subfield>
    </datafield>
    <datafield tag="400" ind1="0" ind2=" ">
      <subfield code="a">Friedrich Heinrich</subfield>
      <subfield code="c">Oranien, Prinz</subfield>
      <subfield code="d">1584-1647</subfield>
    </datafield>
    <datafield tag="400" ind1="0" ind2=" ">
      <subfield code="a">Fredericus Henricus</subfield>
      <subfield code="c">Arausionensium, Princeps</subfield>
      <subfield code="d">1584-1647</subfield>
    </datafield>
    <datafield tag="400" ind1="0" ind2=" ">
      <subfield code="a">Henrich Friderich</subfield>
      <subfield code="c">Oranien, Printz</subfield>
      <subfield code="d">1584-1647</subfield>
    </datafield>
    <datafield tag="400" ind1="0" ind2=" ">
      <subfield code="a">Heinrich Friedrich</subfield>
      <subfield code="c">Uranien, Prinz</subfield>
      <subfield code="d">1584-1647</subfield>
    </datafield>
    <datafield tag="400" ind1="0" ind2=" ">
      <subfield code="a">Heinrich Friederich</subfield>
      <subfield code="c">Uranien, Prinz</subfield>
      <subfield code="d">1584-1647</subfield>
    </datafield>
    <datafield tag="400" ind1="0" ind2=" ">
      <subfield code="a">Frederick Hendrick</subfield>
      <subfield code="d">1584-1647</subfield>
    </datafield>
    <datafield tag="400" ind1="0" ind2=" ">
      <subfield code="a">Frederick Hendrick</subfield>
      <subfield code="c">Oranje, Prins</subfield>
      <subfield code="d">1584-1647</subfield>
    </datafield>
    <datafield tag="400" ind1="0" ind2=" ">
      <subfield code="a">Frederick Hendrick</subfield>
      <subfield code="c">Oranje-Nassau, Prins</subfield>
      <subfield code="d">1584-1647</subfield>
    </datafield>
    <datafield tag="400" ind1="0" ind2=" ">
      <subfield code="a">Frederick Henderick</subfield>
      <subfield code="c">Orangien, Prince</subfield>
      <subfield code="d">1584-1647</subfield>
    </datafield>
    <datafield tag="400" ind1="0" ind2=" ">
      <subfield code="a">Frederick Henderick</subfield>
      <subfield code="c">Oranje, Prins</subfield>
      <subfield code="d">1584-1647</subfield>
    </datafield>
    <datafield tag="400" ind1="0" ind2=" ">
      <subfield code="a">Frederick Henrick</subfield>
      <subfield code="c">Orangien, Prins</subfield>
      <subfield code="d">1584-1647</subfield>
    </datafield>
    <datafield tag="400" ind1="0" ind2=" ">
      <subfield code="a">Henricus Fridericus</subfield>
      <subfield code="c">Nassau</subfield>
      <subfield code="d">1584-1647</subfield>
    </datafield>
    <datafield tag="400" ind1="0" ind2=" ">
      <subfield code="a">Friedrich Heinrich</subfield>
      <subfield code="c">Prinz von Oranien, Statthalter der Generalstaaten</subfield>
      <subfield code="d">1584-1647</subfield>
    </datafield>
    <datafield tag="400" ind1="0" ind2=" ">
      <subfield code="a">Frederick Henry</subfield>
      <subfield code="c">Prinz von Oranien, Statthalter der Generalstaaten</subfield>
      <subfield code="d">1584-1647</subfield>
    </datafield>
    <datafield tag="400" ind1="0" ind2=" ">
      <subfield code="a">Frederik Hendrik</subfield>
      <subfield code="c">Prinz von Oranien, Statthalter der Generalstaaten</subfield>
      <subfield code="d">1584-1647</subfield>
    </datafield>
    <datafield tag="400" ind1="1" ind2=" ">
      <subfield code="a">Nassau-Oranien, Friedrich Heinrich</subfield>
      <subfield code="c">Staathalter der Generalstaaten</subfield>
      <subfield code="d">1584-1647</subfield>
    </datafield>
    <datafield tag="400" ind1="1" ind2=" ">
      <subfield code="a">Nassau-Dillenburg, Friedrich Heinrich</subfield>
      <subfield code="c">Prinz von Oranien, Staathalter der Generalstaaten</subfield>
      <subfield code="d">1584-1647</subfield>
    </datafield>
    <datafield tag="400" ind1="1" ind2=" ">
      <subfield code="a">Oranien, Friedrich Heinrich</subfield>
      <subfield code="c">Staathalter der Generalstaaten</subfield>
      <subfield code="d">1584-1647</subfield>
    </datafield>
    <datafield tag="400" ind1="1" ind2=" ">
      <subfield code="a">Oranien-Nassau, Friedrich Heinrich</subfield>
      <subfield code="c">Staathalter der Generalstaaten</subfield>
      <subfield code="d">1584-1647</subfield>
    </datafield>
    <datafield tag="400" ind1="1" ind2=" ">
      <subfield code="a">Oranje-Nassau, Frederick Hendrick &#152;van&#156;</subfield>
      <subfield code="c">Staathalter der Generalstaaten</subfield>
      <subfield code="d">1584-1647</subfield>
    </datafield>
    <datafield tag="400" ind1="1" ind2=" ">
      <subfield code="a">Nassau, Friedrich Heinrich</subfield>
      <subfield code="c">Staathalter der Generalstaaten</subfield>
      <subfield code="d">1584-1647</subfield>
    </datafield>
    <datafield tag="500" ind1="1" ind2=" ">
      <subfield code="0">(DE-101)120219719</subfield>
      <subfield code="0">(DE-588)120219719</subfield>
      <subfield code="0">https://d-nb.info/gnd/120219719</subfield>
      <subfield code="a">Oranje-Nassau, Amalie &#152;van&#156;</subfield>
      <subfield code="d">1602-1675</subfield>
      <subfield code="4">bezf</subfield>
      <subfield code="4">https://d-nb.info/standards/elementset/gnd#familialRelationship</subfield>
      <subfield code="w">r</subfield>
      <subfield code="i">Beziehung familiaer</subfield>
      <subfield code="e">Beziehung familiaer</subfield>
      <subfield code="9">v:Ehefrau</subfield>
    </datafield>
    <datafield tag="500" ind1="1" ind2=" ">
      <subfield code="0">(DE-101)118738062</subfield>
      <subfield code="0">(DE-588)118738062</subfield>
      <subfield code="0">https://d-nb.info/gnd/118738062</subfield>
      <subfield code="a">Oranje-Nassau, Willem &#152;van&#156;</subfield>
      <subfield code="d">1533-1584</subfield>
      <subfield code="4">bezf</subfield>
      <subfield code="4">https://d-nb.info/standards/elementset/gnd#familialRelationship</subfield>
      <subfield code="w">r</subfield>
      <subfield code="i">Beziehung familiaer</subfield>
      <subfield code="e">Beziehung familiaer</subfield>
      <subfield code="9">v:Vater</subfield>
    </datafield>
    <datafield tag="500" ind1="1" ind2=" ">
      <subfield code="0">(DE-101)119357577</subfield>
      <subfield code="0">(DE-588)119357577</subfield>
      <subfield code="0">https://d-nb.info/gnd/119357577</subfield>
      <subfield code="a">Oranje-Nassau, Willem &#152;van&#156;</subfield>
      <subfield code="d">1626-1650</subfield>
      <subfield code="4">bezf</subfield>
      <subfield code="4">https://d-nb.info/standards/elementset/gnd#familialRelationship</subfield>
      <subfield code="w">r</subfield>
      <subfield code="i">Beziehung familiaer</subfield>
      <subfield code="e">Beziehung familiaer</subfield>
      <subfield code="9">v:Sohn</subfield>
    </datafield>
    <datafield tag="500" ind1="0" ind2=" ">
      <subfield code="0">(DE-101)118969080</subfield>
      <subfield code="0">(DE-588)118969080</subfield>
      <subfield code="0">https://d-nb.info/gnd/118969080</subfield>
      <subfield code="a">Luise Henriette</subfield>
      <subfield code="c">Brandenburg, Kurfürstin</subfield>
      <subfield code="d">1627-1667</subfield>
      <subfield code="4">bezf</subfield>
      <subfield code="4">https://d-nb.info/standards/elementset/gnd#familialRelationship</subfield>
      <subfield code="w">r</subfield>
      <subfield code="i">Beziehung familiaer</subfield>
      <subfield code="e">Beziehung familiaer</subfield>
      <subfield code="9">v:Tochter</subfield>
    </datafield>
    <datafield tag="500" ind1="1" ind2=" ">
      <subfield code="0">(DE-101)101449674</subfield>
      <subfield code="0">(DE-588)101449674</subfield>
      <subfield code="0">https://d-nb.info/gnd/101449674</subfield>
      <subfield code="a">Oranje-Nassau, Luise &#152;van&#156;</subfield>
      <subfield code="d">1555-1620</subfield>
      <subfield code="4">bezf</subfield>
      <subfield code="4">https://d-nb.info/standards/elementset/gnd#familialRelationship</subfield>
      <subfield code="w">r</subfield>
      <subfield code="i">Beziehung familiaer</subfield>
      <subfield code="e">Beziehung familiaer</subfield>
      <subfield code="9">v:Mutter</subfield>
    </datafield>
    <datafield tag="500" ind1="1" ind2=" ">
      <subfield code="0">(DE-101)118736515</subfield>
      <subfield code="0">(DE-588)118736515</subfield>
      <subfield code="0">https://d-nb.info/gnd/118736515</subfield>
      <subfield code="a">Oranje-Nassau, Maurits &#152;van&#156;</subfield>
      <subfield code="d">1567-1625</subfield>
      <subfield code="4">bezf</subfield>
      <subfield code="4">https://d-nb.info/standards/elementset/gnd#familialRelationship</subfield>
      <subfield code="w">r</subfield>
      <subfield code="i">Beziehung familiaer</subfield>
      <subfield code="e">Beziehung familiaer</subfield>
      <subfield code="9">v:Halbbruder</subfield>
    </datafield>
    <datafield tag="548" ind1=" " ind2=" ">
      <subfield code="a">1584-1647</subfield>
      <subfield code="4">datl</subfield>
      <subfield code="4">https://d-nb.info/standards/elementset/gnd#dateOfBirthAndDeath</subfield>
      <subfield code="w">r</subfield>
      <subfield code="i">Lebensdaten</subfield>
    </datafield>
    <datafield tag="548" ind1=" " ind2=" ">
      <subfield code="a">29.01.1584-14.03.1647</subfield>
      <subfield code="4">datx</subfield>
      <subfield code="4">https://d-nb.info/standards/elementset/gnd#dateOfBirthAndDeath</subfield>
      <subfield code="w">r</subfield>
      <subfield code="i">Exakte Lebensdaten</subfield>
    </datafield>
    <datafield tag="550" ind1=" " ind2=" ">
      <subfield code="0">(DE-101)04057007X</subfield>
      <subfield code="0">(DE-588)4057007-1</subfield>
      <subfield code="0">https://d-nb.info/gnd/4057007-1</subfield>
      <subfield code="a">Statthalter</subfield>
      <subfield code="4">berc</subfield>
      <subfield code="4">https://d-nb.info/standards/elementset/gnd#professionOrOccupation</subfield>
      <subfield code="w">r</subfield>
      <subfield code="i">Charakteristischer Beruf</subfield>
    </datafield>
    <datafield tag="550" ind1=" " ind2=" ">
      <subfield code="0">(DE-101)042388767</subfield>
      <subfield code="0">(DE-588)4238876-4</subfield>
      <subfield code="0">https://d-nb.info/gnd/4238876-4</subfield>
      <subfield code="a">Feldherr</subfield>
      <subfield code="4">beru</subfield>
      <subfield code="4">https://d-nb.info/standards/elementset/gnd#professionOrOccupation</subfield>
      <subfield code="w">r</subfield>
      <subfield code="i">Beruf</subfield>
    </datafield>
    <datafield tag="550" ind1=" " ind2=" ">
      <subfield code="0">(DE-101)040217787</subfield>
      <subfield code="0">(DE-588)4021778-4</subfield>
      <subfield code="0">https://d-nb.info/gnd/4021778-4</subfield>
      <subfield code="a">Graf</subfield>
      <subfield code="4">adel</subfield>
      <subfield code="4">https://d-nb.info/standards/elementset/gnd#titleOfNobility</subfield>
      <subfield code="w">r</subfield>
      <subfield code="i">Adelstitel</subfield>
    </datafield>
    <datafield tag="551" ind1=" " ind2=" ">
      <subfield code="0">(DE-101)040113698</subfield>
      <subfield code="0">(DE-588)4011369-3</subfield>
      <subfield code="0">https://d-nb.info/gnd/4011369-3</subfield>
      <subfield code="a">Delft</subfield>
      <subfield code="4">ortg</subfield>
      <subfield code="4">https://d-nb.info/standards/elementset/gnd#placeOfBirth</subfield>
      <subfield code="w">r</subfield>
      <subfield code="i">Geburtsort</subfield>
    </datafield>
    <datafield tag="551" ind1=" " ind2=" ">
      <subfield code="0">(DE-101)040114465</subfield>
      <subfield code="0">(DE-588)4011446-6</subfield>
      <subfield code="0">https://d-nb.info/gnd/4011446-6</subfield>
      <subfield code="a">Den Haag</subfield>
      <subfield code="4">orts</subfield>
      <subfield code="4">https://d-nb.info/standards/elementset/gnd#placeOfDeath</subfield>
      <subfield code="w">r</subfield>
      <subfield code="i">Sterbeort</subfield>
    </datafield>
    <datafield tag="667" ind1=" " ind2=" ">
      <subfield code="a">12</subfield>
    </datafield>
    <datafield tag="667" ind1=" " ind2=" ">
      <subfield code="a">7</subfield>
    </datafield>
    <datafield tag="667" ind1=" " ind2=" ">
      <subfield code="a">VD-17</subfield>
    </datafield>
    <datafield tag="670" ind1=" " ind2=" ">
      <subfield code="a">Wikipedia</subfield>
      <subfield code="u">https://de.wikipedia.org/wiki/Friedrich_Heinrich_(Oranien)</subfield>
    </datafield>
    <datafield tag="672" ind1=" " ind2="0">
      <subfield code="a">Frederik Hendrik &lt;Oranje, prins&gt;: Mémoires de Frederic Henri de Nassau Prince d'Orange</subfield>
      <subfield code="f">1733</subfield>
    </datafield>
    <datafield tag="672" ind1=" " ind2="0">
      <subfield code="a">Frederik Hendrik &lt;Oranje, prins&gt;: Articles agreed upon betweene Frederick Henry, Prince o*</subfield>
      <subfield code="f">1629</subfield>
    </datafield>
    <datafield tag="672" ind1=" " ind2="0">
      <subfield code="a">Frederik Hendrik &lt;Oranje, prins&gt;: The copy of the articles of agreement betwixt Henri, *</subfield>
      <subfield code="f">1637</subfield>
    </datafield>
    <datafield tag="672" ind1=" " ind2="0">
      <subfield code="a">Frederik Hendrik &lt;Oranje, prins&gt;: A journal of the voyage of Prince Fredericke Henry fr*</subfield>
      <subfield code="f">1623</subfield>
    </datafield>
    <datafield tag="672" ind1=" " ind2="0">
      <subfield code="a">Frederik Hendrik &lt;Oranje, prins&gt;: An ordinance or proclamation</subfield>
      <subfield code="f">1641</subfield>
    </datafield>
    <datafield tag="672" ind1=" " ind2="0">
      <subfield code="a">Frederik Hendrik &lt;Oranje, prins&gt;: The royall embassage</subfield>
      <subfield code="f">1641</subfield>
    </datafield>
    <datafield tag="672" ind1=" " ind2="0">
      <subfield code="a">Frederik Hendrik &lt;Oranje, prins&gt;: The royall message from the Prince of Orange</subfield>
      <subfield code="f">1641</subfield>
    </datafield>
    <datafield tag="672" ind1=" " ind2="0">
      <subfield code="a">Frederik Hendrik &lt;Oranje, Prins&gt;: Mémoires de Frederic Henri de Nassau Prince d'Orange</subfield>
      <subfield code="f">1733</subfield>
    </datafield>
    <datafield tag="672" ind1=" " ind2="0">
      <subfield code="a">Frederik Hendrik &lt;Oranje, Prins&gt;: Articles agreed upon betweene Frederick Henry, Prince o*</subfield>
      <subfield code="f">1629</subfield>
    </datafield>
    <datafield tag="672" ind1=" " ind2="0">
      <subfield code="a">Frederik Hendrik &lt;Oranje, Prins&gt;: The copy of the articles of agreement betwixt Henri, *</subfield>
      <subfield code="f">1637</subfield>
    </datafield>
    <datafield tag="678" ind1=" " ind2=" ">
      <subfield code="b">Graf von Nassau, Prinz von Oranien; ab 1625 Statthalter der Vereinigten Niederlande</subfield>
    </datafield>
    <datafield tag="913" ind1=" " ind2=" ">
      <subfield code="S">pnd</subfield>
      <subfield code="i">a</subfield>
      <subfield code="a">Oranje-Nassau, Frederik Hendrik /van</subfield>
      <subfield code="0">(DE-588a)118590200</subfield>
    </datafield>
  </record>
